@article{IoT,
  author       = {Casadei, Roberto and Fornari, Fabrizio and Mariani, Stefano and Savaglio, Claudio},
  title        = {Programming IoT systems: A focused conceptual framework and survey of approaches},
  journaltitle = {Internet of Things},
  volume       = {31},
  pages        = {101548},
  date         = {2025},
  doi          = {10.1016/j.iot.2025.101548},
  urldate      = {2025-07-10},
  langid       = {english}
}